 
@online{WikiWzorceProjektowe,
	author    = "Wikipedia",
	title     = "Wzorzec projektowy (informatyka)",
	url       = "https://pl.wikipedia.org/wiki/Wzorzec_projektowy_(informatyka)",
}
@online{WikiAntyWzorzecProjektowy,
	author = "Wikipedia",
	title = "Antywzorzec projektowy"m
	url = "https://pl.wikipedia.org/wiki/Antywzorzec\_projektowy"
}
@online{WikiWzorzecArchitektoniczny,
	author = "Wikipedia",
	title = "Wzorzec Architektoniczny",
	url = "https://pl.wikipedia.org/wiki/Wzorzec_architektoniczny"
}
@online{PankajKumar,
	author = "Pankaj Kumar",
	title = "Java Design Patterns – Example Tutorial"
	url = "https://www.journaldev.com/1827/java-design-patterns-example-tutorial?utm_source=newsletter&utm_medium=sendy&utm_campaign=emails"
}
@book{RohitJosh,
	author = "Rohit Joshi",
	title = "Java Design Patterns. Reusable Solutions to Common Problems"
}
@book{GoF,
	author = "Erich Gamma, Richard Helm, Ralph Johnson, John Vlissides"
	title = "Wzorce projektowe. Elementy oprogramowania obiektowego wielokrotnego użytku"
}